; Accounts
account Assets:Bank:Checking
account Assets:Bank:Savings
account Assets:Cash
account Assets:Investments:Stocks
account Assets:AccountsReceivable
account Liabilities:CreditCard:Visa
account Liabilities:Loan:CarLoan
account Equity:OpeningBalances
account Equity:Owner
account Income:Salary
account Income:Investments:Dividends
account Income:Freelance
account Expenses:Rent
account Expenses:Utilities
account Expenses:Food:Groceries
account Expenses:Food:DiningOut
account Expenses:Transportation:Gas
account Expenses:Transportation:Maintenance
account Expenses:Entertainment
account Expenses:Travel
account Expenses:Insurance:Car
account Expenses:Insurance:Health
account Expenses:Education
account Expenses:Medical
account Expenses:Shopping

; Transactions
2025-01-01 * Opening Balances
    Assets:Bank:Checking                     $10,000.00
    Assets:Bank:Savings                      $25,000.00
    Assets:Cash                              $1,000.00
    Assets:Investments:Stocks                $15,000.00
    Liabilities:CreditCard:Visa              $-2,500.00
    Liabilities:Loan:CarLoan                 $-10,000.00
    Equity:OpeningBalances                   $-38,500.00

; {'key': 'tags', 'value': 'salary'}
2025-01-15 * Paycheck
    Assets:Bank:Checking                     $7,500.00

2025-01-20 * Grocery Shopping
    Expenses:Food:Groceries                  $100.00

2025-01-22 * Rent Payment
    Expenses:Rent                            $1,500.00

2025-01-23 * Dinner Out
    Expenses:Food:DiningOut                  $75.00

2025-01-25 * Credit Card Payment
    Liabilities:CreditCard:Visa              $1,200.00

2025-02-01 * Paycheck
    Assets:Bank:Checking                     $7,500.00

2025-02-03 * Utilities Bill
    Expenses:Utilities                       $300.00

2025-02-10 * Gasoline
    Expenses:Transportation:Gas              $120.00

2025-02-15 * Freelance Project
    Assets:Bank:Checking                     $3,200.00

2025-02-20 * Car Loan Payment
    Liabilities:Loan:CarLoan                 $500.00

2025-02-22 * Stock Dividend
    Assets:Bank:Savings                      $1,000.00

2025-02-28 * Vacation Trip
    Expenses:Travel                          $2,800.00

2025-03-01 * Paycheck
    Assets:Bank:Checking                     $7,500.00

2025-03-02 * Health Insurance
    Expenses:Insurance:Health                $450.00

2025-03-10 * Maintenance: Oil Change
    Expenses:Transportation:Maintenance      $90.00

2025-03-15 * Monthly Rent
    Expenses:Rent                            $1,500.00

2025-03-18 * Course Subscription
    Expenses:Education                       $300.00

2025-03-25 * Entertainment - Concert
    Expenses:Entertainment                   $200.00

2025-04-01 * Paycheck
    Assets:Bank:Checking                     $7,500.00

2025-04-02 * Dentist Appointment
    Expenses:Medical                         $1,200.00

2025-04-10 * Gasoline
    Expenses:Transportation:Gas              $130.00

2025-04-15 * Monthly Rent
    Expenses:Rent                            $1,500.00

2025-04-20 * Shopping - Electronics
    Expenses:Shopping                        $3,000.00

2025-04-25 * Dinner Out
    Expenses:Food:DiningOut                  $100.00

2025-05-01 * Paycheck
    Assets:Bank:Checking                     $7,500.00

2025-05-03 * Utilities
    Expenses:Utilities                       $310.00

2025-05-06 * Travel - Family Emergency
    Expenses:Travel                          $5,800.00

2025-05-10 * Grocery Shopping
    Expenses:Food:Groceries                  $270.00

2025-05-15 * Monthly Rent
    Expenses:Rent                            $1,500.00

2025-05-25 * Car Repair (transmission)
    Expenses:Transportation:Maintenance      $2,200.00

2025-06-01 * Paycheck
    Assets:Bank:Checking                     $7,500.00

2025-06-03 * Health Insurance
    Expenses:Insurance:Health                $450.00

2025-06-10 * Freelance Payment
    Assets:Bank:Checking                     $4,500.00

2025-06-15 * Monthly Rent
    Expenses:Rent                            $1,500.00

2025-06-20 * Luxury Watch Purchase
    Expenses:Shopping                        $6,500.00

2025-06-30 * Entertainment - Festival
    Expenses:Entertainment                   $350.00

2025-07-29 * Sueldo
    Assets:Bank:Checking                     $200.00

2025-07-29 * Sueldo
    Assets:Bank:Checking                     $100.00

2025-07-29 * Gasolina
    Expenses:Transport                       $100.00

2025-07-30 * Gasolina
    Expenses:Transport                       $100.00

2025-07-31 * Sueldo
    Assets:Bank:Checking                     $100.00

2025-07-31 * Sueldo
    Assets:Bank:Checking                     $100.00

2025-07-29 * Sueldo
    Assets:Bank:Checking                     $100.00

2025-07-29 * Sueldo
    Assets:Bank:Checking                     $100.00

2025-07-29 * Sueldo
    Assets:Bank:Checking                     $100.00

2025-07-29 * Sueldo
    Assets:Bank:Checking                     $100.00

2025-07-29 * Gasolina
    Expenses:Transport                       $100.00
